
@book{
Textbook,
author = {Michael L Scott},
title = {Programming Language Pragmatics},
publisher = {Morgan Kaufmann},
year = {2000}
}